<?xml version="1.0" encoding="UTF-8"?><record xmlns="http://www.loc.gov/MARC21/slim" xmlns:cinclude="http://apache.org/cocoon/include/1.0" xmlns:zs="http://www.loc.gov/zing/srw/">
  <leader>00754cz  a2200205n  4500</leader>
  <controlfield tag="001">no 93000536 </controlfield>
  <controlfield tag="003">DLC</controlfield>
  <controlfield tag="005">20130315105337.0</controlfield>
  <controlfield tag="008">930109n| azannaabn          |a aaa     c</controlfield>
  <datafield tag="010" ind1=" " ind2=" ">
    <subfield code="a">no 93000536 </subfield>
  </datafield>
  <datafield tag="035" ind1=" " ind2=" ">
    <subfield code="a">(OCoLC)oca03301514</subfield>
  </datafield>
  <datafield tag="040" ind1=" " ind2=" ">
    <subfield code="a">InU</subfield>
    <subfield code="b">eng</subfield>
    <subfield code="e">rda</subfield>
    <subfield code="c">InU</subfield>
    <subfield code="d">WaBeW</subfield>
    <subfield code="d">DLC</subfield>
  </datafield>
  <datafield tag="046" ind1=" " ind2=" ">
    <subfield code="s">15</subfield>
  </datafield>
  <datafield tag="100" ind1="0" ind2=" ">
    <subfield code="a">Qidirkhan Yărkăndi,</subfield>
    <subfield code="d">active 16th century</subfield>
  </datafield>
  <datafield tag="400" ind1="0" ind2=" ">
    <subfield code="a">Kederi,</subfield>
    <subfield code="d">active 16th century</subfield>
  </datafield>
  <datafield tag="400" ind1="0" ind2=" ">
    <subfield code="a">Kʻo-te-jih,</subfield>
    <subfield code="d">active 16th century</subfield>
  </datafield>
  <datafield tag="400" ind1="0" ind2=" ">
    <subfield code="a">Qidiri,</subfield>
    <subfield code="d">active 16th century</subfield>
  </datafield>
  <datafield tag="400" ind1="0" ind2=" ">
    <subfield code="w">nnea</subfield>
    <subfield code="a">Qidirkhan Yărkăndi,</subfield>
    <subfield code="d">16th cent.</subfield>
  </datafield>
  <datafield tag="400" ind1="1" ind2=" ">
    <subfield code="a">Yărkăndi, Qidirkhan,</subfield>
    <subfield code="d">active 16th century</subfield>
  </datafield>
  <datafield tag="670" ind1=" " ind2=" ">
    <subfield code="a">His Divan "Qidiri"ning muqăddimisi, 1986:</subfield>
    <subfield code="b">t.p. (Qidirkhan Yărkăndi) colophon (Kʻo-te-jih) p. 4, first group (wrote in 16th cent.)</subfield>
  </datafield>
</record>